% This file was created with JabRef 2.8.1.
% Encoding: Cp1251

@ARTICLE{Adleman_Huang,
  author = {Adleman, L. and Huang, M. A.},
  title = {Primality testing and abelian varietes over finite fields},
  journal = {Lecture notes in mathematics},
  year = {1992},
  pages = {173-206},
  __markedentry = {[Юрий:6]},
  owner = {Юрий},
  timestamp = {2012.11.22}
}

@ARTICLE{Adleman,
  author = {Adleman, L. and Pomerance, C. and Rumely, R. S.},
  title = {On distinguishing prime numbers from composite numbers},
  journal = {Annals of mathematics},
  year = {1983},
  pages = {173-206},
  __markedentry = {[Юрий:6]},
  file = {:D\:\\ТУСУР\\База данных\\Групповое проектное обучение\\Список литературы\\Adleman L., Pomerance C., Rumely R.S. - On distinguishing prime numbers from composite numbers.pdf:PDF},
  owner = {Юрий},
  timestamp = {2012.11.22}
}

@ARTICLE{AKS,
  author = {Agrawal, M. and Kayal, N. and Saxena, N.},
  title = {Primes is in P},
  journal = {Annals of mathematics},
  year = {2004},
  pages = {781-793},
  file = {:D\:\\ТУСУР\\База данных\\Групповое проектное обучение\\Список литературы\\Agrawal M., Kayal N., Saxena N. - Prime is in P.pdf:PDF},
  owner = {Юрий},
  timestamp = {2012.11.29}
}

@ARTICLE{Carmichael,
  author = {Alford, W. R. and Granville, A. and Pomerance, C.},
  title = {There are infinitely many carmichael numbers},
  journal = {Annals of mathematics},
  year = {1994},
  pages = {703-722},
  __markedentry = {[Юрий:6]},
  file = {:D\:\\ТУСУР\\База данных\\Групповое проектное обучение\\Список литературы\\Alford W.R., Granville A., Pomerance C. - There are infinitely many carmichael numbers.pdf:PDF},
  owner = {Юрий},
  timestamp = {2012.11.22}
}

@BOOK{Arora_Barak,
  title = {Computational complexity: A modern approach},
  publisher = {Cambridge University Press},
  year = {2009},
  author = {Arora, S. and Barak, B.},
  pages = {509},
  __markedentry = {[Юрий:6]},
  file = {:D\:\\ТУСУР\\База данных\\Групповое проектное обучение\\Список литературы\\Arora S., Barak B. - Computational complexity A modern approach.pdf:PDF},
  owner = {Юрий},
  timestamp = {2012.11.22}
}

@ARTICLE{Atkin_Morain,
  author = {Atkin, A. O. L. and Morain, F.},
  title = {Elliptic curves and primality proving},
  journal = {Mathematics of computation},
  year = {1993},
  pages = {29-67},
  __markedentry = {[Юрий:6]},
  file = {:D\:\\ТУСУР\\База данных\\Групповое проектное обучение\\Список литературы\\Atkin A.O.L., Morain F. - Elliptic curves and primality proving.pdf:PDF},
  owner = {Юрий},
  timestamp = {2012.11.22}
}

@UNPUBLISHED{Barak,
  author = {Barak, B.},
  title = {Computer science 522 computational complexity course},
  note = {Princeton University Computer Science Department},
  year = {2006},
  __markedentry = {[Юрий:6]},
  file = {:D\:\\ТУСУР\\База данных\\Групповое проектное обучение\\Список литературы\\Barak B. - Computer science 522 computational complexity course.pdf:PDF},
  owner = {Юрий},
  timestamp = {2012.11.22}
}

@ARTICLE{Lenstra_Koen,
  author = {Cohen, H. and Lenstra, H. W.},
  title = {Primality testing and Jacobi sums},
  journal = {Mathematics of computation},
  year = {1984},
  pages = {297-330},
  __markedentry = {[Юрий:6]},
  file = {:D\:\\ТУСУР\\База данных\\Групповое проектное обучение\\Список литературы\\Cohen H., Lenstra H.W. - Primality testing and Jacobi sums.pdf:PDF},
  owner = {Юрий},
  timestamp = {2012.11.22}
}

@BOOK{Oded,
  title = {Foundations of cryptography},
  publisher = {Cambridge University Press},
  year = {2007},
  author = {Goldreich, O.},
  volume = {1},
  pages = {396},
  __markedentry = {[Юрий:6]},
  file = {:D\:\\ТУСУР\\База данных\\Групповое проектное обучение\\Список литературы\\Goldreich O. - Foundations of cryptography.pdf:PDF},
  owner = {Юрий},
  timestamp = {2012.11.22}
}

@ARTICLE{Goldwasser_Kilian,
  author = {Goldwasser, S. and Kilian, J.},
  title = {Almost all primes can be quickly certified},
  journal = {Proceedings 18-th Annual ACM Symposium on Theory of Computing},
  year = {1986},
  pages = {316-329},
  __markedentry = {[Юрий:6]},
  file = {:D\:\\ТУСУР\\База данных\\Групповое проектное обучение\\Список литературы\\Goldwasser S., Kilian J. - Almost all primes can be quickly certified.pdf:PDF},
  owner = {Юрий},
  timestamp = {2012.11.22}
}

@INBOOK{Hellman,
  pages = {24-32},
  title = {An overview of public key cryptography},
  publisher = {The Royal Society of London},
  year = {1978},
  author = {Hellman, Martin E.},
  __markedentry = {[Юрий:6]},
  file = {:D\:\\ТУСУР\\База данных\\Групповое проектное обучение\\Список литературы\\Martin E. Hellman - An overview of public key cryptography.pdf:PDF},
  owner = {Юрий},
  timestamp = {2012.11.22}
}

@ARTICLE{Eratosthenes,
  author = {Horsley, S.},
  title = {The sieve of eratosthenes. Being an account of his method of finding
	all the prime numbers},
  journal = {Philosophical Transactions (1683–1775)},
  year = {1772},
  pages = {327-347},
  __markedentry = {[Юрий:6]},
  file = {:D\:\\ТУСУР\\База данных\\Групповое проектное обучение\\Список литературы\\Horsley, Rev. Samuel - The Sieve of Eratosthenes. Being.pdf:PDF},
  owner = {Юрий},
  publisher = {The Royal Society of London},
  timestamp = {2012.11.22}
}

@BOOK{Knuth,
  title = {Все про TeX},
  publisher = {М: Вильямс},
  year = {2003},
  author = {Knuth, D. E.},
  pages = {560},
  file = {:D\:\\ТУСУР\\База данных\\Групповое проектное обучение\\Список литературы\\Knuth D. E. - Все про TeX.djvu:Djvu},
  owner = {Юрий},
  timestamp = {2012.12.05}
}

@BOOK{Lucas,
  title = {17 Lectures on Fermat numbers: From number theory to geometry. CMS
	books in mathematics. 9},
  year = {2001},
  author = {Krizek, M. and Luca, F. and Somer, L.},
  pages = {41},
  __markedentry = {[Юрий:6]},
  owner = {Юрий},
  timestamp = {2012.11.22}
}

@ARTICLE{KruchininDV_SPofLGF,
  author = {Kruchinin, D. V.},
  title = {Superposition's Properties of Logarithmic Generating Functions},
  year = {2011},
  pages = {7},
  file = {:D\:\\ТУСУР\\База данных\\Групповое проектное обучение\\Список литературы\\Kruchinin D.V. - Superposition's properties of logarithmic generating functions.pdf:PDF},
  owner = {Юрий},
  timestamp = {2013.03.28}
}

@BOOK{Lamport,
  title = {LaTeX: a document preparation system},
  publisher = {New York: Addison-Wesley Publishing Company},
  year = {1994},
  author = {Lamport, L.},
  pages = {273},
  file = {:D\:\\ТУСУР\\База данных\\Групповое проектное обучение\\Список литературы\\Lamport L. - LaTeX a document preparation system.pdf:PDF},
  owner = {Юрий},
  timestamp = {2012.12.05}
}

@ARTICLE{Lestra,
  author = {Lenstra, H. W.},
  title = {Primality testing algorithms (after Adleman, Rumely and Williams)},
  journal = {Seminaire N. Bourbaki},
  year = {1981},
  pages = {243—257},
  __markedentry = {[Юрий:6]},
  file = {:D\:\\ТУСУР\\База данных\\Групповое проектное обучение\\Список литературы\\Lenstra H.W. - Primality testing algorithms (after Adleman, Rumely and Williams).pdf:PDF},
  owner = {Юрий},
  timestamp = {2012.11.22}
}

@ARTICLE{Pock,
  author = {Pocklington, H. C.},
  title = {The determination of the prime or composite nature of large numbers
	by Fermat’s theorem},
  journal = {Proceedings of the Cambridge Philosophical Society 18},
  year = {1914-1916},
  pages = {29–30},
  __markedentry = {[Юрий:6]},
  owner = {Юрий},
  timestamp = {2012.11.22}
}

@ARTICLE{Rabin,
  author = {Rabin, M. O.},
  title = {Probabilistic algorithm for testing primality},
  journal = {Journal of number theory},
  year = {1980},
  pages = {128-138},
  __markedentry = {[Юрий:6]},
  owner = {Юрий},
  timestamp = {2012.11.22}
}

@BOOK{Ribenboim,
  title = {The little book of bigger primes},
  publisher = {Springer},
  year = {2004},
  author = {Ribenboim, P.},
  pages = {356},
  __markedentry = {[Юрий:6]},
  file = {:D\:\\ТУСУР\\База данных\\Групповое проектное обучение\\Список литературы\\Ribenboim P. - The Little Book of Bigger Primes.pdf:PDF},
  owner = {Юрий},
  timestamp = {2012.11.22}
}

@INBOOK{RSA,
  pages = {120-126},
  title = {A method for obtaining digital signatures and public-key cryptosystems},
  publisher = {New York, USA: ACM},
  year = {1978},
  author = {Rivest, R. L. and Shamir, A. and Adleman, L.},
  __markedentry = {[Юрий:6]},
  file = {:D\:\\ТУСУР\\База данных\\Групповое проектное обучение\\Список литературы\\Rivest R.L., Shamir A., Adleman L. - A method for obtaining digital signatures and public-key cryptosystems.pdf:PDF},
  owner = {Юрий},
  timestamp = {2012.11.22}
}

@ARTICLE{Shor,
  author = {Shor, P. W.},
  title = {Polynomial-time algorithms for prime factorization and discrete logarithms
	on a quantum computer},
  year = {1996},
  pages = {27},
  file = {:D\:\\ТУСУР\\База данных\\Групповое проектное обучение\\Список литературы\\Shor P. W. - Polynomial-time algorithms for prime factorization and discrete logarithms on a quantum computer.pdf:PDF},
  owner = {Юрий},
  timestamp = {2012.12.12}
}

@ARTICLE{Trevisan,
  author = {Trevisan, L.},
  title = {Notes on hierarchy theorems},
  year = {2009},
  pages = {4},
  file = {:D\:\\ТУСУР\\База данных\\Групповое проектное обучение\\Список литературы\\Trevisan L. - Notes on hierarchy theorems.pdf:PDF},
  owner = {Юрий},
  timestamp = {2012.12.12}
}

@ARTICLE{Balabanov,
  author = {Балабанов, А. А. and Агафонов, А. Ф. and Рыку, В. А.},
  title = {Алгоритм быстрой генерации ключей в криптографической системе RSA},
  journal = {Вестник научно-технического развития},
  year = {2009},
  volume = {№7 (23)},
  pages = {11-17},
  __markedentry = {[Юрий:6]},
  file = {:D\:\\ТУСУР\\База данных\\Групповое проектное обучение\\Список литературы\\Балабанов А.А. - Алгоритм быстрой генерации ключей в криптографической системе RSA.pdf:PDF},
  owner = {Юрий},
  timestamp = {2012.11.22}
}

@ARTICLE{Bendykidze,
  author = {Бендукидзе, А. Д.},
  title = {О простых числах},
  journal = {Научно-популярный физико-математический журнал <<Квант>>},
  year = {1973},
  volume = {№4},
  pages = {71-72},
  __markedentry = {[Юрий:6]},
  file = {:D\:\\ТУСУР\\База данных\\Групповое проектное обучение\\Список литературы\\Бендукидзе А.Д. - О простых числах.pdf:PDF},
  owner = {Юрий},
  timestamp = {2012.11.22}
}

@INBOOK{Wilson,
  pages = {132-133},
  title = {Теория чисел},
  publisher = {М: Просвещение},
  year = {1966},
  author = {Бухштаб, А. А.},
  __markedentry = {[Юрий:6]},
  file = {:D\:\\ТУСУР\\База данных\\Групповое проектное обучение\\Список литературы\\Бухштаб А.А. - Теория чисел.djvu:Djvu},
  owner = {Юрий},
  timestamp = {2012.11.22}
}

@BOOK{Vasilenko,
  title = {Теоретико-числовые алгоритмы в криптографии},
  publisher = {МНЦМО},
  year = {2003},
  author = {Василенко, О. Н.},
  pages = {326},
  __markedentry = {[Юрий:6]},
  file = {:D\:\\ТУСУР\\База данных\\Групповое проектное обучение\\Список литературы\\Василенко О.Н. - Теоретико-числовые алгоритмы в криптографии.pdf:PDF},
  owner = {Юрий},
  timestamp = {2012.11.22}
}

@BOOK{Voroncov,
  title = {LaTeX2e в примерах},
  year = {2005},
  author = {Воронцов, К.В.},
  pages = {59},
  file = {:D\:\\ТУСУР\\База данных\\Групповое проектное обучение\\Список литературы\\Воронцов К.В. - LaTeX2e в примерах.pdf:PDF},
  owner = {Юрий},
  timestamp = {2012.12.05}
}

@ARTICLE{Gindikin,
  author = {Гиндикин, С. Г.},
  title = {Малая теорема Ферма},
  journal = {Научно-популярный физико-математический журнал <<Квант>>},
  year = {1972},
  volume = {№10},
  pages = {2-9},
  __markedentry = {[Юрий:6]},
  file = {:D\:\\ТУСУР\\База данных\\Групповое проектное обучение\\Список литературы\\Гиндикин С.Г. - Малая теорема Ферма.pdf:PDF},
  owner = {Юрий},
  timestamp = {2012.11.22}
}

@BOOK{GrKnPa,
  title = {Конкретная математика. Основание информатики},
  publisher = {М.: Мир},
  year = {1998},
  author = {Грэхем, Р. and Кнут, Д. and Паташник, О.},
  pages = {703},
  file = {:D\:\\ТУСУР\\База данных\\Групповое проектное обучение\\Список литературы\\Грэхем Р., Кнут Д., Паташник О. - Конкретная математика.djvu:Djvu},
  owner = {Юрий},
  timestamp = {2013.03.28}
}

@BOOK{Euclid,
  title = {Начала Евклида. Книги VII-X},
  publisher = {М. -- Л.: ГИТТЛ},
  year = {1949},
  author = {Евклид},
  pages = {510},
  __markedentry = {[Юрий:6]},
  file = {:D\:\\ТУСУР\\База данных\\Групповое проектное обучение\\Список литературы\\Евклид - Начала  Евклида. Книги VII-X.djvu:Djvu},
  owner = {Юрий},
  timestamp = {2012.11.22}
}

@INBOOK{Solovei_Shtrassen,
  pages = {144},
  title = {Курс теории чисел и криптографии},
  publisher = {М: ТВП},
  year = {2001},
  author = {Коблиц, Н.},
  __markedentry = {[Юрий:6]},
  file = {:D\:\\ТУСУР\\База данных\\Групповое проектное обучение\\Список литературы\\Коблиц Н. - Курс теории чисел и криптографии.djvu:Djvu},
  owner = {Юрий},
  timestamp = {2012.11.22}
}

@BOOK{Kotelnikov,
  title = {LaTeX2e по-русски},
  publisher = {Новосибирск: Сибирский хронограф},
  year = {2004},
  author = {Котельников, И. А.},
  pages = {496},
  file = {:D\:\\ТУСУР\\База данных\\Групповое проектное обучение\\Список литературы\\Котельников И.А. - LaTeX2e по-русски.pdf:PDF},
  owner = {Юрий},
  timestamp = {2012.12.05}
}

@BOOK{KruchininVV,
  title = {Комбинаторика композиций и ее приложения},
  publisher = {Томск: В-Спектр},
  year = {2010},
  author = {Кручинин, В. В.},
  pages = {156},
  owner = {Юрий},
  timestamp = {2013.03.28}
}

@ARTICLE{KruchininDV_TSU,
  author = {Кручинин, Д. В.},
  title = {О свойствах коэффициентов суперпозиции некоторых производящих функций},
  journal = {Прикладная дискретная математика},
  year = {2012},
  volume = {1},
  pages = {55-59},
  owner = {Юрий},
  timestamp = {2013.05.22}
}

@BOOK{Kuzyurin_Fomin,
  title = {Эффективные алгоритмы и сложность вычислений},
  year = {2011},
  author = {Кузюрин, Н. Н. and Фомин, С. А.},
  pages = {363},
  file = {:D\:\\ТУСУР\\База данных\\Групповое проектное обучение\\Список литературы\\Кузюрин Н. Н., Фомин С. А. - Эффективные алгоритмы и сложность вычислений.pdf:PDF},
  owner = {Юрий},
  timestamp = {2012.12.12}
}

@BOOK{Lando,
  title = {Лекции о производящих функциях},
  publisher = {М.: МНЦМО},
  year = {2007},
  author = {Ландо, С. К.},
  pages = {144},
  file = {:D\:\\ТУСУР\\База данных\\Групповое проектное обучение\\Список литературы\\Ландо С.А. - Лекции о производящих функциях.pdf:PDF},
  owner = {Юрий},
  timestamp = {2013.03.28}
}

@BOOK{Livovskui,
  title = {Набор и верстка в системе LaTeX},
  year = {2003},
  author = {Львовский, С. М.},
  pages = {448},
  file = {:D\:\\ТУСУР\\База данных\\Групповое проектное обучение\\Список литературы\\Львовский С.М. - Набор и верстка в системе LaTeX.pdf:PDF},
  owner = {Юрий},
  timestamp = {2012.12.05}
}

@BOOK{Maxima_Stahin,
  title = {Основы работы с системой аналитических (символьных) вычислений Maxima.
	(ПО для решения задач аналитических (символьных)
	
	вычислений): Учебное пособие},
  publisher = {Москва},
  year = {2008},
  author = {Стахин, Н.А.},
  pages = {86},
  file = {:D\:\\ТУСУР\\База данных\\Групповое проектное обучение\\Список литературы\\Стахин Н.А. - Основы работы с системой аналитических (символьных) вычислений Maxima.pdf:PDF},
  owner = {Юрий},
  timestamp = {2013.03.14}
}

@BOOK{Cheremyshkin,
  title = {Лекции по арифметическим алгоритмам в криптографии},
  publisher = {МНЦМО},
  year = {2002},
  author = {Черемушкин, А. В.},
  pages = {104},
  __markedentry = {[Юрий:6]},
  file = {:D\:\\ТУСУР\\База данных\\Групповое проектное обучение\\Список литературы\\Черемушкин А.В. - Лекции по арифметическим алгоритмам в криптографии.pdf:PDF},
  owner = {Юрий},
  timestamp = {2012.11.22}
}

@BOOK{Maxima_Chichkarev,
  title = {Компьютерная математика с Maxima: Руководство для школьников и студентов},
  publisher = {М. : ALT Linux},
  year = {2012},
  author = {Чичкарев, Е. А.},
  pages = {384},
  file = {:D\:\\ТУСУР\\База данных\\Групповое проектное обучение\\Список литературы\\Чичкарев Е.А. - Компьютерная математика с Maxima.pdf:PDF},
  owner = {Юрий},
  timestamp = {2013.03.14}
}

@BOOK{Schneier,
  title = {Прикладная криптография. Протоколы, алгоритмы, исходные тексты на
	языке Си},
  publisher = {М.: Триумф},
  year = {2002},
  author = {Шнайер, Б.},
  pages = {816},
  file = {:D\:\\ТУСУР\\База данных\\Групповое проектное обучение\\Список литературы\\Шнайер Б. - Прикладная криптография. Протоколы, алгоритмы, исходные тексты на языке Си.pdf:PDF},
  owner = {Юрий},
  timestamp = {2012.12.12}
}

@ELECTRONIC{oeis,
  year = {2010},
  title = {The On-Line Encyclopedia of Integer Sequences [Электронный ресурс]},
  url = {URL: http://oeis.org},
  owner = {Юрий},
  timestamp = {2013.04.03}
}

