@comment{x-kbibtex-personnameformatting=<%f ><%l><, %s>}

@book{progit,
	added-at = "2011-08-16T15:46:36.000+0200",
	author = "{Scott Chacon}",
	interhash = "ec1617e7e18c150205bf027b566ef357",
	intrahash = "40f70d7bc474085d987786484a09d2bf",
	keywords = "git source\_code\_control version\_control",
	language = "russian",
	timestamp = "2011-08-16T15:46:36.000+0200",
	title = "{Pro Git : professional version control}",
	url = "http://progit.org/ebook/progit.pdf",
	year = "2011"
}

@book{latexrus,
	author = "{И. А. Чеботаев, П. З. Котельников}",
	language = "russian",
	publisher = "Сибирский Хронограф",
	timestamp = "2013.12.20",
	title = "{\LaTeXe\ по-русски}",
	volume = "489",
	year = "2004"
}

@book{lvovskyi,
	author = "{С.М. Львовский}",
	isbn = "5-94057-091-7",
	language = "russian",
	owner = "alina",
	pages = "448",
	publisher = "МЦНМО",
	timestamp = "2013.12.20",
	title = "{Набор и вёрстка в системе \LaTeX}",
	year = "2006"
}

@article{cfl,
	author = "Игорь Юрьевич Михайлов",
	journal = "{Компьютерно-техническая экспертиза: [сайт]}",
	language = "russian",
	owner = "alina",
	timestamp = "2013.12.20",
	title = "{Компьютерно-техническая экспертиза [Электронный ресурс]}",
	url = "http://computer-forensics-lab.org",
	year = "{[2013]}"
}

@book{fedotovforenzika,
	author = "Николай Николаевич Федотов",
	isbn = "9785911590154",
	language = "russian",
	lccn = "2008443140",
	publisher = "Юрид. мир",
	title = "{Форензика - компьютерная криминалистика}",
	volume = "432",
	year = "2007"
}

@article{eshelon,
	journal = "{Эшелон:[сайт]}",
	language = "russian",
	owner = "alina",
	timestamp = "2013.12.21",
	title = "{Сертификация средств защиты информации (СЗИ) по требованиям безопасности информации: сертификация и сертификационные испытания в системах сертификации ФСТЭК России, Минобороны России, ФСБ России, <<АйТи-Сертифика>> [Электронный ресурс]}",
	url = "http://www.npo-echelon.ru/services/certification"
}

@article{mostest,
	journal = "{mostest.su:[сайт]}",
	language = "russian",
	owner = "alina",
	timestamp = "2013.12.21",
	title = "{Сертификация программного обеспечения, центр сертификации Мостест [Электронный ресурс]}",
	url = "http://mostest.su/uslugi-po-sertifikacii-oformlenie-sertifikatov-otkaznyx-pisem-i-dr/sertifikaciya-programmnogo-obespecheniya"
}

@article{ofpidgin,
	journal = "{developer.pidgin.im:[сайт]}",
	language = "russian",
	owner = "alina",
	timestamp = "2013.12.20",
	title = "{Официальное сообщество Pidgin}",
	url = "https://developer.pidgin.im"
}

@article{skypechat,
	journal = "{Community Skype:[сайт]}",
	language = "russian",
	owner = "alina",
	timestamp = "2013.12.11",
	title = "{Официальное сообщество Skype [Электронный ресурс]}",
	url = "http://community.skype.com"
}

@article{xml,
	language = "russian",
	title = "{Справочник по XML-стандартам [Электронный ресурс]}",
	url = "http://msdn.microsoft.com/ru-ru/library/ms256177(v=vs.110).aspx"
}

@article{qtcross,
	language = "russian",
	title = "{Всё о кроссплатформенном программировании - Qt [Электронный ресурс]}",
	url = "http://doc.crossplatform.ru/qt",
}

@article{qtdoc,
	language = "russian",
	title = "{Qt Documentation [Электронный ресурс]}",
	url = "http://qt-project.org/doc",
}

@article{evt,
	journal = "{whitehats.ca:[сайт]}",
	language = "russian",
	owner = "alina",
	timestamp = "2013.12.11",
	title = "{Windows Event Log Format [Электронный ресурс]}",
	url = "http://www.whitehats.ca/main/members/Malik/malik\_eventlogs/malik\_event\-logs.html",
	year = "{[2005]}"
}

@article{rar,
	journal = "{Информация о форматах:[сайт]}",
	language = "russian",
	title = "{Информация о формате .rar [Электронный ресурс]}",
	url = "http://formatsfiles.narod.ru/rar.html",
	year = "{[2010]}"
}

@article{wikirar,
	journal = "{forensicswiki.org:[сайт]}",
	language = "russian",
	title = "{RAR [Электронный ресурс]}",
	url = "http://www.forensicswiki.org/wiki/RAR",
	year = "{[2014]}"
}

@article{zipparolil,
	journal = "{habrahabr.ru:[сайт]}",
	language = "russian",
	title = "{История одного бага или как я ZIP паролил [Электронный ресурс]}",
	url = "http://habrahabr.ru/post/100200",
	year = "{[2014]}"
}

@article{updatesolr,
	journal = "{wiki.apache.org:[сайт]}",
	language = "russian",
	title = "{XML Messages for Updating a Solr Index [Электронный ресурс]}",
	url = "https://wiki.apache.org/solr/UpdateXmlMessages",
	year = "{[2014]}"
}

@article{doxygen,
	journal = "{www.stack.nl:[сайт]}",
	language = "russian",
	title = "{Doxygen : Generate documentation from source code [Электронный ресурс]}",
	url = "http://www.stack.nl/~dimitri/doxygen/index.html",
	year = "{[2015]}"
}

@article{registry,
	journal = "{forensicswiki.org:[сайт]}",
	language = "english",
	title = "{Windows Registry [Электронный ресурс]}",
	url = "http://forensicswiki.org/wiki/Windows\_Registry",
	year = "{[2015]}"
}

@article{msdn,
	journal = "{msdn.microsoft.com:[сайт]}",
	language = "english",
	title = "{Registry [Электронный ресурс]}",
	url = "https://msdn.microsoft.com/en-us/library/windows/desktop/ms724871%28v=vs.85%29.aspx",
	year = "{[2015]}"
}

@article{nixp,
	language = "russian",
	title = "{Проблема с NO\_PUBKEY: как получить GPG-ключ и добавить его в базу apt? [Электронный ресурс]}",
	url = "http://www.nixp.ru/recipes/4.html (дата обращения: 25.11.2015)"
}

@article{anosov,
	language = "russian",
	title = "{Создаем собственный deb-репозиторий (на примере создания репозитория для Komodo Edit) [Электронный ресурс]}",
	url = "http://anosov.me/2011/07/make-own-deb-repository/ (дата обращения: 20.11.2015)"
}

@article{deb_package_howto,
	language = "russian",
	title = "{Как собрать бинарный deb пакет: подробное HowTo [Электронный ресурс]}",
	url = "http://habrahabr.ru/post/78094/ (дата обращения: 12.10.2015)"
}

@article{deb_man,
	language = "russian",
	title = "{Руководство начинающего разработчика Debian [Электронный ресурс]}",
	url = "https://www.debian.org/doc/manuals/maint-guide/dreq.ru.html (дата обращения: 30.10.2015)"
}






