@comment{x-kbibtex-personnameformatting=<%l><, %f>}

@book{progit,
	added-at = "2011-08-16T15:46:36.000+0200",
	author = "Chacon, Scott",
	biburl = "http://www.bibsonomy.org/bibtex/240f70d7bc474085d987786484a09d2bf/maxirichter",
	interhash = "ec1617e7e18c150205bf027b566ef357",
	intrahash = "40f70d7bc474085d987786484a09d2bf",
	keywords = "git source\_code\_control version\_control",
	language = "russian",
	timestamp = "2011-08-16T15:46:36.000+0200",
	title = "{Pro Git : professional version control}",
	url = "http://progit.org/ebook/progit.pdf",
	year = "2011"
}

@book{valikov,
	author = "Валиков, Алексей Николаевич",
	isbn = "5941571291",
	language = "russian",
	owner = "alina",
	publisher = "{БХВ-Петербург}",
	timestamp = "2014.05.29",
	title = "{Технология XSLT}",
	volume = "544",
	year = "2002"
}

@book{latexrus,
	author = "Котельников, И. А. and Чеботаев, П. З.",
	language = "russian",
	owner = "alina",
	publisher = "Сибирский хронограф",
	timestamp = "2013.12.20",
	title = "{\LaTeXe\ по-русски}",
	volume = "289",
	year = "2004"
}

@book{lvovskyi,
	author = "Львовский, С. М.",
	language = "russian",
	owner = "alina",
	publisher = "МЦНМО",
	timestamp = "2013.12.20",
	title = "{Набор и вёрстка в системе \LaTeX}",
	volume = "448",
	year = "2006"
}

@electronic{cfl,
	author = "Михайлов, Игорь Юрьевич",
	language = "russian",
	owner = "alina",
	timestamp = "2013.12.20",
	title = "{Компьютерно-техническая экспертиза}",
	url = "http://computer-forensics-lab.org/",
	year = "2007 -- 2013"
}

@book{fedotovforenzika,
	author = "Федотов, Николай Николаевич",
	isbn = "9785911590154",
	language = "russian",
	lccn = "2008443140",
	publisher = "Юрид. мир",
	title = "{Форензика - компьютерная криминалистика}",
	volume = "432",
	year = "2007"
}

@electronic{eshelon,
	language = "russian",
	owner = "alina",
	timestamp = "2013.12.21",
	title = "{Сертификация средств защиты информации (СЗИ) по требованиям безопасности информации: сертификация и сертификационные испытания в системах сертификации ФСТЭК России, Минобороны России, ФСБ России, "<АйТи-Сертифика"> [Электронный ресурс]}",
	url = "http://www.npo-echelon.ru/services/certification/"
}

@electronic{mostest,
	language = "russian",
	owner = "alina",
	timestamp = "2013.12.21",
	title = "{Сертификация программного обеспечения, центр сертификации Мостест [Электронный ресурс]}",
	url = "http://mostest.su/uslugi-po-sertifikacii-oformlenie-sertifikatov-otkaznyx-pisem-i-dr/sertifikaciya-programmnogo-obespecheniya"
}

@electronic{ofpidgin,
	language = "russian",
	owner = "alina",
	timestamp = "2013.12.20",
	title = "{Официальное сообщество Pidgin}",
	url = "https://developer.pidgin.im/"
}

@electronic{skypechat,
	language = "russian",
	owner = "alina",
	timestamp = "2013.12.11",
	title = "{Официальное сообщество Skype [Электронный ресурс]}",
	url = "http://community.skype.com/"
}

@electronic{xml,
	language = "russian",
	organization = "Microsoft",
	owner = "alina",
	timestamp = "2013.12.17",
	title = "{Справочник по XML-стандартам [Электронный ресурс]}",
	url = "http://msdn.microsoft.com/ru-ru/library/ms256177(v=vs.110).aspx"
}

@electronic{qtcross,
	language = "english",
	language2 = "russian",
	owner = "alina",
	timestamp = "2013.11.23",
	title = "{Всё о кроссплатформенном программировании - Qt [Электронный ресурс]}",
	url = "http://doc.crossplatform.ru/qt/",
	year = "2013"
}

@electronic{qtdoc,
	language = "russian",
	owner = "alina",
	timestamp = "2013.12.20",
	title = "{Qt Documentation [Электронный ресурс]}",
	url = "http://qt-project.org/doc/",
	year = "2013"
}

@electronic{evt,
	language = "russian",
	owner = "alina",
	timestamp = "2013.12.11",
	title = "{Windows Event Log Format [Электронный ресурс]}",
	url = "http://www.whitehats.ca/main/members/Malik/malik_eventlogs/malik_eventlogs.html",
	year = "2005"
}

@book{vedma,
	author = "Громыко, Ольга",
	language = "russian",
	publisher = "Альфа-книга",
	title = "{Профессия: ведьма}",
	year = "2010"
}

@article{remmag,
	author = "Лукацкий, А. В.",
	journal = "Рациональное управление предприятием",
	number = "2",
	pages = "68-70",
	title = "{Безопасность CAD/CAM/PLM-систем}",
	year = "2006"
}

